@ARTICLE{dantzig1959truck,
  title={The truck dispatching problem},
  author={Dantzig, George B and Ramser, John H},
  journal={Management science},
  volume={6},
  number={1},
  pages={80--91},
  year={1959},
  publisher={Informs}
}

@book{aarts2003local,
  title={Local search in combinatorial optimization},
  author={Aarts, Emile and Aarts, Emile HL and Lenstra, Jan Karel},
  year={2003},
  publisher={Princeton University Press}
}

@inproceedings{sultana2017variant,
  title={A variant Fisher and Jaikuamr algorithm to solve capacitated vehicle routing problem},
  author={Sultana, Tanzima and Akhand, MAH and Rahman, MM Hafizur},
  booktitle={2017 8th International Conference on Information Technology (ICIT)},
  pages={710--716},
  year={2017},
  organization={IEEE}
}

@ARTICLE{baker2003genetic,
  title={A genetic algorithm for the vehicle routing problem},
  author={Baker, Barrie M and Ayechew, MA},
  journal={Computers \& Operations Research},
  volume={30},
  number={5},
  pages={787--800},
  year={2003},
  publisher={Elsevier}
}

@ARTICLE{prins2004simple,
  title={A simple and effective evolutionary algorithm for the vehicle routing problem},
  author={Prins, Christian},
  journal={Computers \& Operations Research},
  volume={31},
  number={12},
  pages={1985--2002},
  year={2004},
  publisher={Elsevier}
}

@inproceedings{garcia2009comparison,
  title={Comparison of similarity measures for the multi-objective vehicle routing problem with time windows},
  author={Garcia-Najera, Abel and Bullinaria, John A},
  booktitle={Proceedings of the 11th Annual conference on Genetic and evolutionary computation},
  pages={579--586},
  year={2009}
}

@article{sorensen2007distance,
  title={Distance measures based on the edit distance for permutation-type representations},
  author={S{\"o}rensen, Kenneth},
  journal={Journal of Heuristics},
  volume={13},
  number={1},
  pages={35--47},
  year={2007},
  publisher={Springer}
}

@article{bent2006two,
  title={A two-stage hybrid algorithm for pickup and delivery vehicle routing problems with time windows},
  author={Bent, Russell and Van Hentenryck, Pascal},
  journal={Computers \& Operations Research},
  volume={33},
  number={4},
  pages={875--893},
  year={2006},
  publisher={Elsevier}
}

@inproceedings{benaini2018genetic,
  title={Genetic algorithm for large dynamic vehicle routing problem on GPU},
  author={Benaini, A and Berrajaa, A},
  booktitle={2018 4th International Conference on Logistics Operations Management (GOL)},
  pages={1--9},
  year={2018},
  organization={IEEE}
}

@article{coelho2016integrated,
  title={An integrated CPU--GPU heuristic inspired on variable neighbourhood search for the single vehicle routing problem with deliveries and selective pickups},
  author={Coelho, IM and Munhoz, PLA and Ochi, LS and Souza, MJF and Bentes, C and Farias, R},
  journal={International Journal of Production Research},
  volume={54},
  number={4},
  pages={945--962},
  year={2016},
  publisher={Taylor \& Francis}
}

@inproceedings{wodecki2015parallel,
  title={Parallel Cost Function Determination on GPU for the Vehicle Routing Problem},
  author={Wodecki, Mieczys{\l}aw and Bo{\.z}ejko, Wojciech and Jagie{\l}{\l}o, Szymon and Pempera, Jaros{\l}aw},
  booktitle={International Conference on Artificial Intelligence and Soft Computing},
  pages={778--788},
  year={2015},
  organization={Springer}
}

@book{cheng2014professional,
  title={Professional CUDA c programming},
  author={Cheng, John and Grossman, Max and McKercher, Ty},
  year={2014},
  publisher={John Wiley \& Sons}
}

@book{augerat1995computational,
  title={Computational results with a branch and cut code for the capacitated vehicle routing problem},
  author={Augerat, Ph and Belenguer, Jose Manuel and Benavent, Enrique and Corber{\'a}n, A and Naddef, D and Rinaldi, G},
  volume={34},
  year={1995},
  publisher={IMAG}
}

@article{christofides1969algorithm,
  title={An algorithm for the vehicle-dispatching problem},
  author={Christofides, Nicos and Eilon, Samuel},
  journal={Journal of the Operational Research Society},
  volume={20},
  number={3},
  pages={309--318},
  year={1969},
  publisher={Taylor \& Francis}
}

@article{fisher1994optimal,
  title={Optimal solution of vehicle routing problems using minimum k-trees},
  author={Fisher, Marshall L},
  journal={Operations research},
  volume={42},
  number={4},
  pages={626--642},
  year={1994},
  publisher={INFORMS}
}

@article{gillett1976multi,
  title={Multi-terminal vehicle-dispatch algorithm},
  author={Gillett, Billy E and Johnson, Jerry G},
  journal={Omega},
  volume={4},
  number={6},
  pages={711--718},
  year={1976},
  publisher={Elsevier}
}

@article{christofides1981exact,
  title={Exact algorithms for the vehicle routing problem, based on spanning tree and shortest path relaxations},
  author={Christofides, Nicos and Mingozzi, Aristide and Toth, Paolo},
  journal={Mathematical programming},
  volume={20},
  number={1},
  pages={255--282},
  year={1981},
  publisher={Springer}
}

@article{laporte1992vehicle,
  title={The vehicle routing problem: An overview of exact and approximate algorithms},
  author={Laporte, Gilbert},
  journal={European journal of operational research},
  volume={59},
  number={3},
  pages={345--358},
  year={1992},
  publisher={Elsevier}
}

@techreport{schmitt1995evaluation,
  title={An evaluation of a genetic algorithmic approach to the VRP},
  author={Schmitt, LJ},
  year={1995},
  institution={Working paper}
}

@article{deb2002fast,
  title={A fast and elitist multiobjective genetic algorithm: NSGA-II},
  author={Deb, Kalyanmoy and Pratap, Amrit and Agarwal, Sameer and Meyarivan, TAMT},
  journal={IEEE transactions on evolutionary computation},
  volume={6},
  number={2},
  pages={182--197},
  year={2002},
  publisher={IEEE}
}

@book{bauer1994genetic,
  title={Genetic algorithms and investment strategies},
  author={Bauer Jr, Richard J and Bauer, Richard J and others},
  volume={19},
  year={1994},
  publisher={John Wiley \& Sons}
}

@inproceedings{li2011parallel,
  title={A parallel genetic algorithm with GPU accelerated for large-scale MDVRP in emergency logistics},
  author={Li, Jianming and Lv, Ximeng and Liu, Linlin},
  booktitle={2011 14th IEEE International Conference on Computational Science and Engineering},
  pages={602--605},
  year={2011},
  organization={IEEE}
}

@inproceedings{garcia2008multi,
  title={A multi-objective density restricted genetic algorithm for the vehicle routing problem with time windows},
  author={Garcia-Najera, Abel and Bullinaria, John A},
  booktitle={2008 UK Workshop on Computational Intelligence},
  pages={47--52},
  year={2008}
}

@inproceedings{garcia2009bi,
  title={Bi-objective optimization for the vehicle routing problem with time windows: Using route similarity to enhance performance},
  author={Garcia-Najera, Abel and Bullinaria, John A},
  booktitle={International Conference on Evolutionary Multi-Criterion Optimization},
  pages={275--289},
  year={2009},
  organization={Springer}
}

@inproceedings{garcia2009preserving,
  title={Preserving population diversity for the multi-objective vehicle routing problem with time windows},
  author={Garcia-Najera, Abel},
  booktitle={Proceedings of the 11th Annual Conference Companion on Genetic and Evolutionary Computation Conference: Late Breaking Papers},
  pages={2689--2692},
  year={2009}
}

@article{owens2008gpu,
  title={GPU computing},
  author={Owens, John D and Houston, Mike and Luebke, David and Green, Simon and Stone, John E and Phillips, James C},
  journal={Proceedings of the IEEE},
  volume={96},
  number={5},
  pages={879--899},
  year={2008},
  publisher={IEEE}
}

@article{li2005very,
  title={Very large-scale vehicle routing: new test problems, algorithms, and results},
  author={Li, Feiyue and Golden, Bruce and Wasil, Edward},
  journal={Computers \& Operations Research},
  volume={32},
  number={5},
  pages={1165--1179},
  year={2005},
  publisher={Elsevier}
}

@article{szymon2013solving,
  title={Solving multi-criteria vehicle routing problem by parallel tabu search on GPU},
  author={Szymon, Jagie{\l}{\l}o and Dominik, {\.Z}elazny},
  journal={Procedia Computer Science},
  volume={18},
  pages={2529--2532},
  year={2013},
  publisher={Elsevier}
}

@article{garcia2011improved,
  title={An improved multi-objective evolutionary algorithm for the vehicle routing problem with time windows},
  author={Garcia-Najera, Abel and Bullinaria, John A},
  journal={Computers \& Operations Research},
  volume={38},
  number={1},
  pages={287--300},
  year={2011},
  publisher={Elsevier}
}

@article{schmitt1994empirical,
  title={An empirical computational study of genetic algorithms to solve order based problems: an emphasis on TSP and VRPTC},
  author={Schmitt, II and John, Lawrence},
  year={1994},
  publisher={Memphis State University}
}

@article{potvin1996vehicle,
  title={The vehicle routing problem with time windows part II: genetic search},
  author={Potvin, Jean-Yves and Bengio, Samy},
  journal={INFORMS journal on Computing},
  volume={8},
  number={2},
  pages={165--172},
  year={1996},
  publisher={INFORMS}
}

@article{chu1997genetic,
  title={A genetic algorithm for the generalised assignment problem},
  author={Chu, Paul C and Beasley, John E},
  journal={Computers \& Operations Research},
  volume={24},
  number={1},
  pages={17--23},
  year={1997},
  publisher={Elsevier}
}

@article{gillett1974heuristic,
  title={A heuristic algorithm for the vehicle-dispatch problem},
  author={Gillett, Billy E and Miller, Leland R},
  journal={Operations research},
  volume={22},
  number={2},
  pages={340--349},
  year={1974},
  publisher={INFORMS}
}

@article{fisher1981generalized,
  title={A generalized assignment heuristic for vehicle routing},
  author={Fisher, Marshall L and Jaikumar, Ramchandran},
  journal={Networks},
  volume={11},
  number={2},
  pages={109--124},
  year={1981},
  publisher={Wiley Online Library}
}

@incollection{laporte1987exact,
  title={Exact algorithms for the vehicle routing problem},
  author={Laporte, Gilbert and Nobert, Yves},
  booktitle={North-Holland Mathematics Studies},
  volume={132},
  pages={147--184},
  year={1987},
  publisher={Elsevier}
}

@article{eilon1974distribution,
  title={Distribution management-mathematical modelling and practical analysis},
  author={Eilon, Samuel and Watson-Gandy, Carl Donald Tyndale and Christofides, Nicos and de Neufville, Richard},
  journal={IEEE Transactions on Systems, Man, and Cybernetics},
  number={6},
  pages={589--589},
  year={1974},
  publisher={IEEE}
}

@article{wen2010rich,
  title={Rich vehicle routing problems and applications},
  author={Wen, Min and Clausen, Jens and Larsen, Jesper},
  year={2010},
  publisher={DTU Management}
}

@article{baldacci2008exact,
  title={An exact algorithm for the vehicle routing problem based on the set partitioning formulation with additional cuts},
  author={Baldacci, Roberto and Christofides, Nicos and Mingozzi, Aristide},
  journal={Mathematical Programming},
  volume={115},
  number={2},
  pages={351--385},
  year={2008},
  publisher={Springer}
}

@article{el2010vehicle,
  title={Vehicle routing with time windows: An overview of exact, heuristic and metaheuristic methods},
  author={El-Sherbeny, Nasser A},
  journal={Journal of King Saud University-Science},
  volume={22},
  number={3},
  pages={123--131},
  year={2010},
  publisher={Elsevier}
}

@article{clarke1964scheduling,
  title={Scheduling of vehicles from a central depot to a number of delivery points},
  author={Clarke, Geoff and Wright, John W},
  journal={Operations research},
  volume={12},
  number={4},
  pages={568--581},
  year={1964},
  publisher={Informs}
}

@article{gendreau1994tabu,
  title={A tabu search heuristic for the vehicle routing problem},
  author={Gendreau, Michel and Hertz, Alain and Laporte, Gilbert},
  journal={Management science},
  volume={40},
  number={10},
  pages={1276--1290},
  year={1994},
  publisher={INFORMS}
}

@article{potvin1995exchange,
  title={An exchange heuristic for routeing problems with time windows},
  author={Potvin, Jean-Yves and Rousseau, Jean-Marc},
  journal={Journal of the Operational Research Society},
  volume={46},
  number={12},
  pages={1433--1446},
  year={1995},
  publisher={Springer}
}

@book{mendes2011demand,
  title={Demand driven supply chain: A structured and practical roadmap to increase profitability},
  author={Mendes, Paulo},
  year={2011},
  publisher={Springer Science \& Business Media}
}

@book{storti2015cuda,
  title={CUDA for engineers: an introduction to high-performance parallel computing},
  author={Storti, Duane and Yurtoglu, Mete},
  year={2015},
  publisher={Addison-Wesley Professional}
}

@inproceedings{abadi2016tensorflow,
  title={Tensorflow: A system for large-scale machine learning},
  author={Abadi, Mart{\'\i}n and Barham, Paul and Chen, Jianmin and Chen, Zhifeng and Davis, Andy and Dean, Jeffrey and Devin, Matthieu and Ghemawat, Sanjay and Irving, Geoffrey and Isard, Michael and others},
  booktitle={12th $\{$USENIX$\}$ Symposium on Operating Systems Design and Implementation ($\{$OSDI$\}$ 16)},
  pages={265--283},
  year={2016}
}

@book{geron2017hands,
  title={Hands-on machine learning with Scikit-Learn and TensorFlow: concepts, tools, and techniques to build intelligent systems},
  author={G{\'e}ron, Aur{\'e}lien},
  year={2017},
  publisher={" O'Reilly Media, Inc."}
}

@incollection{ketkar2017introduction,
  title={Introduction to pytorch},
  author={Ketkar, Nikhil},
  booktitle={Deep learning with python},
  pages={195--208},
  year={2017},
  publisher={Springer}
}

@book{sanders2010cuda,
  title={CUDA by example: an introduction to general-purpose GPU programming},
  author={Sanders, Jason and Kandrot, Edward},
  year={2010},
  publisher={Addison-Wesley Professional}
}

@inproceedings{lu2019nsga,
  title={NSGA-Net: neural architecture search using multi-objective genetic algorithm},
  author={Lu, Zhichao and Whalen, Ian and Boddeti, Vishnu and Dhebar, Yashesh and Deb, Kalyanmoy and Goodman, Erik and Banzhaf, Wolfgang},
  booktitle={Proceedings of the Genetic and Evolutionary Computation Conference},
  pages={419--427},
  year={2019}
}

@book{toth2002vehicle,
  title={The vehicle routing problem},
  author={Toth, Paolo and Vigo, Daniele},
  year={2002},
  publisher={SIAM}
}

@inproceedings{lakshminarayana2010effect,
  title={Effect of instruction fetch and memory scheduling on gpu performance},
  author={Lakshminarayana, Nagesh B and Kim, Hyesoon},
  booktitle={Workshop on Language, Compiler, and Architecture Support for GPGPU},
  volume={88},
  year={2010},
  organization={Citeseer}
}

@article{blackman2018scrambled,
  title={Scrambled linear pseudorandom number generators},
  author={Blackman, David and Vigna, Sebastiano},
  journal={arXiv preprint arXiv:1805.01407},
  year={2018}
}

@inproceedings{rey2018cpu,
  title={A CPU-GPU parallel ant colony optimization solver for the vehicle routing problem},
  author={Rey, Ant{\'o}n and Prieto, Manuel and G{\'o}mez, Jos{\'e} Ignacio and Tenllado, Christian and Hidalgo, J Ignacio},
  booktitle={International Conference on the Applications of Evolutionary Computation},
  pages={653--667},
  year={2018},
  organization={Springer}
}

@inproceedings{abdelatti2020improved,
  title={An improved GPU-accelerated heuristic technique applied to the capacitated vehicle routing problem},
  author={Abdelatti, Marwan F and Sodhi, Manbir S},
  booktitle={Proceedings of the 2020 Genetic and Evolutionary Computation Conference},
  pages={663--671},
  year={2020}
}

@incollection{eiben2011evolutionary,
  title={Evolutionary algorithm parameters and methods to tune them},
  author={Eiben, Agoston Endre and Smit, Selmar K},
  booktitle={Autonomous search},
  pages={15--36},
  year={2011},
  publisher={Springer}
}

@article{karafotias2014parameter,
  title={Parameter control in evolutionary algorithms: Trends and challenges},
  author={Karafotias, Giorgos and Hoogendoorn, Mark and Eiben, {\'A}goston E},
  journal={IEEE Transactions on Evolutionary Computation},
  volume={19},
  number={2},
  pages={167--187},
  year={2014},
  publisher={IEEE}
}

@inproceedings{ramos2005logistic,
  title={Logistic regression for parameter tuning on an evolutionary algorithm},
  author={Ramos, Iloneide CO and Goldbarg, Marco C{\'e}sar and Goldbarg, Elizabeth G and Neto, Adriao Duarte D{\'o}ria},
  booktitle={2005 IEEE Congress on Evolutionary Computation},
  volume={2},
  pages={1061--1068},
  year={2005},
  organization={IEEE}
}

@book{montgomery2017design,
  title={Design and analysis of experiments},
  author={Montgomery, Douglas C},
  year={2017},
  publisher={John wiley \& sons}
}

@article{saremi2007tuning,
  title={Tuning the parameters of a memetic algorithm to solve vehicle routing problem with backhauls using design of experiments},
  author={Saremi, A and ElMekkawy, TY and Wang, GG},
  journal={International Journal of Operations Research},
  volume={4},
  number={4},
  pages={206--219},
  year={2007}
}

@article{bagchi1996calibration,
  title={Calibration of GA parameters: the design of experiments approach},
  author={Bagchi, Tapan P and Deb, Kalyanmoy},
  journal={Computer Science and Informatics},
  volume={26},
  pages={46--56},
  year={1996},
  publisher={COMPUTER SOCIETY OF INDIA}
}

@article{arin2011comparative,
  title={Comparative studies on design of experiments for tuning parameters in a genetic algorithm for a scheduling problem},
  author={Arin, Arif and Rabadi, Ghaith and Unal, Resit},
  journal={International Journal of Experimental Design and Process Optimisation},
  volume={2},
  number={2},
  pages={102--124},
  year={2011},
  publisher={Inderscience Publishers Ltd}
}

@inproceedings{mosayebi2020tuning,
  title={Tuning genetic algorithm parameters using design of experiments},
  author={Mosayebi, Mohsen and Sodhi, Manbir},
  booktitle={Proceedings of the 2020 Genetic and Evolutionary Computation Conference Companion},
  pages={1937--1944},
  year={2020}
}

@inproceedings{shirazi2016fuzzy,
  title={Fuzzy cell genetic algorithm approach for flexible flow-line scheduling model},
  author={Shirazi, Arash Nasrolahi and Steinhaus, Meghan and Agostinelli, Matthew and Sodhi, Manbir},
  booktitle={2016 IEEE Symposium Series on Computational Intelligence (SSCI)},
  pages={1--7},
  year={2016},
  organization={IEEE}
}

@article{grefenstette1986optimization,
  title={Optimization of control parameters for genetic algorithms},
  author={Grefenstette, John J},
  journal={IEEE Transactions on systems, man, and cybernetics},
  volume={16},
  number={1},
  pages={122--128},
  year={1986},
  publisher={IEEE}
}

@article{mercer1978adaptive,
  title={Adaptive search using a reproductive meta-plan},
  author={Mercer, Robert E and Sampson, JR},
  journal={Kybernetes},
  year={1978},
  publisher={MCB UP Ltd}
}

@techreport{pochet1998new,
  title={New valid inequalities for the vehicle routing problem},
  author={Augerat, P. and Pochet, Y.},
  year={1998},
  institution={Working paper, Universite Catholique de Louvain}
}

@book{smit2012parameter,
  title={Parameter tuning and scientific testing in evolutionary algorithms},
  author={Smit, Selmar Kagiso},
  year={2012},
  publisher={Vrije Universiteit}
}

@incollection{spears1991analysis,
  title={An analysis of multi-point crossover},
  author={Spears, William M and De Jong, Kenneth A},
  booktitle={Foundations of genetic algorithms},
  volume={1},
  pages={301--315},
  year={1991},
  publisher={Elsevier}
}

@article{deep2011combined,
  title={Combined mutation operators of genetic algorithm for the travelling salesman problem},
  author={Deep, Kusum and Mebrahtu, Hadush},
  journal={International Journal of Combinatorial Optimization Problems and Informatics},
  volume={2},
  number={3},
  pages={1--23},
  year={2011},
  publisher={International Journal of Combinatorial Optimization Problems and Informatics}
}

@inproceedings{karafotias2015evaluating,
  title={Evaluating reward definitions for parameter control},
  author={Karafotias, Giorgos and Hoogendoorn, Mark and Eiben, AE},
  booktitle={European Conference on the Applications of Evolutionary Computation},
  pages={667--680},
  year={2015},
  organization={Springer}
}

@article{aleti2016systematic,
  title={A systematic literature review of adaptive parameter control methods for evolutionary algorithms},
  author={Aleti, Aldeida and Moser, Irene},
  journal={ACM Computing Surveys (CSUR)},
  volume={49},
  number={3},
  pages={1--35},
  year={2016},
  publisher={ACM New York, NY, USA}
}

@inproceedings{sakurai2010method,
  title={A method to control parameters of evolutionary algorithms by using reinforcement learning},
  author={Sakurai, Yoshitaka and Takada, Kouhei and Kawabe, Takashi and Tsuruta, Setsuo},
  booktitle={2010 Sixth International Conference on Signal-Image Technology and Internet Based Systems},
  pages={74--79},
  year={2010},
  organization={IEEE}
}

@inproceedings{eiben2006reinforcement,
  title={Reinforcement learning for online control of evolutionary algorithms},
  author={Eiben, AE and Horvath, Mark and Kowalczyk, Wojtek and Schut, Martijn C},
  booktitle={International Workshop on Engineering Self-Organising Applications},
  pages={151--160},
  year={2006},
  organization={Springer}
}

@inproceedings{chen2005scga,
  title={SCGA: Controlling genetic algorithms with Sarsa (0)},
  author={Chen, Fei and Gao, Yang and Chen, Zhao-qian and Chen, Shi-fu},
  booktitle={International Conference on Computational Intelligence for Modelling, Control and Automation and International Conference on Intelligent Agents, Web Technologies and Internet Commerce (CIMCA-IAWTIC'06)},
  volume={1},
  pages={1177--1183},
  year={2005},
  organization={IEEE}
}

@article{eiben1999parameter,
  title={Parameter control in evolutionary algorithms},
  author={Eiben, {\'A}goston E and Hinterding, Robert and Michalewicz, Zbigniew},
  journal={IEEE Transactions on evolutionary computation},
  volume={3},
  number={2},
  pages={124--141},
  year={1999},
  publisher={IEEE}
}

@inproceedings{pettinger2002controlling,
  title={Controlling genetic algorithms with reinforcement learning},
  author={Pettinger, James E and Everson, Richard M},
  booktitle={Proceedings of the 4th Annual Conference on Genetic and Evolutionary Computation},
  pages={692--692},
  year={2002}
}

@inproceedings{muller2002step,
  title={Step size adaptation in evolution strategies using reinforcement learning},
  author={Muller, Sibylle D and Schraudolph, Nicol N and Koumoutsakos, Petros D},
  booktitle={Proceedings of the 2002 Congress on Evolutionary Computation. CEC'02 (Cat. No. 02TH8600)},
  volume={1},
  pages={151--156},
  year={2002},
  organization={IEEE}
}

@article{larranaga1999genetic,
  title={Genetic algorithms for the travelling salesman problem: A review of representations and operators},
  author={Larranaga, Pedro and Kuijpers, Cindy M. H. and Murga, Roberto H. and Inza, Inaki and Dizdarevic, Sejla},
  journal={Artificial Intelligence Review},
  volume={13},
  number={2},
  pages={129--170},
  year={1999},
  publisher={Springer}
}

@article{alzyadat2020genetic,
  title={Genetic algorithms for the travelling salesman problem: a crossover comparison},
  author={Alzyadat, Tariq and Yamin, Mohammad and Chetty, Girija},
  journal={International Journal of Information Technology},
  volume={12},
  number={1},
  pages={209--213},
  year={2020},
  publisher={Springer}
}

@article{montague1999reinforcement,
  title={Reinforcement learning: an introduction, by Sutton, RS and Barto, AG},
  author={Montague, P Read},
  journal={Trends in cognitive sciences},
  volume={3},
  number={9},
  pages={360},
  year={1999},
  publisher={Elsevier}
}

@article{watkins1989learning,
  title={Learning from delayed rewards},
  author={Watkins, Christopher John Cornish Hellaby},
  year={1989},
  publisher={King's College, Cambridge United Kingdom}
}

@article{watkins1992q,
  title={Q-learning},
  author={Watkins, Christopher JCH and Dayan, Peter},
  journal={Machine learning},
  volume={8},
  number={3-4},
  pages={279--292},
  year={1992},
  publisher={Springer}
}

@inproceedings{abdelatti2021Op,
  title={Optimizing a GPU-Accelerated Genetic Algorithm for the Vehicle Routing Problem},
  author={Abdelatti, Marwan F and Hendawy, Abdeltawab and Sodhi, Manbir S},
  booktitle={2021 Genetic and Evolutionary Computation Conference Companion (GECCO '21 Companion)},
  year={2021}
}

@article{laporte1983branch,
  title={A branch and bound algorithm for the capacitated vehicle routing problem},
  author={Laporte, Gilbert and Nobert, Yves},
  journal={Operations-Research-Spektrum},
  volume={5},
  number={2},
  pages={77--85},
  year={1983},
  publisher={Springer}
}

